@Article{Einstein,
  author =       "Albert Einstein",
  title =        "{Zur Elektrodynamik bewegter K{\"o}rper}. ({German})
                 [{On} the electrodynamics of moving bodies]",
  journal =      "Annalen der Physik",
  volume =       "322",
  number =       "10",
  pages =        "891--921",
  year =         "1905",
  DOI =          "http://dx.doi.org/10.1002/andp.19053221004"
} 
@article{Ford:1956vc,
author = {Ford, L R and Fulkerson, D R},
title = {{Maximal flow through a network}},
journal = {Canadian journal of Mathematics},
year = {1956}
}
@article{Edmonds:1972ht,
author = {Edmonds, Jack and Karp, Richard M},
title = {{Theoretical Improvements in Algorithmic Efficiency for Network Flow Problems.}},
journal = {J. ACM},
year = {1972},
volume = {19},
number = {2},
pages = {248--264}
}
@booklet{Dinic:lsM40ti7,
title = {{Algorithm for solution of a problem of maximum flow in a network with power estimation, Soviet Math. Doll. 11 (5), 1277-1280,(1970)}},
author = {Dinic, E A}
}
@online{UstProject,
  author = {Mordecai Golin},
  title = {Comp 527 Project -- Fall 2007},
  year = 2016,
  url = {http://www.cs.ust.hk/mjg_lib/Classes/COMP572_Fall07/Project/index.htm},
  urldate = {2016-4-15}
}
@article{Verma:2012gs,
author = {Verma, Tanmay and Batra, Dhruv},
title = {{MaxFlow Revisited: An Empirical Comparison of Maxflow Algorithms for Dense Vision Problems.}},
journal = {BMVC},
year = {2012},
pages = {1--12}
}
@article{Schrijver:2002dj,
author = {Schrijver, Alexander},
title = {{On the history of the transportation and maximum flow problems.}},
journal = {Math. Program.},
year = {2002},
volume = {91},
number = {3},
pages = {437--445}
}
@inproceedings{tsourakakis2015k,
  title={The k-clique densest subgraph problem},
  author={Tsourakakis, Charalampos},
  booktitle={Proceedings of the 24th international conference on world wide web},
  pages={1122--1132},
  year={2015},
  organization={International World Wide Web Conferences Steering Committee}
}
@misc{wiki:maxflow,
   author = "Wikipedia",
   title = "Maximum Flow Problem",
   year = "2016",
   url = "https://en.wikipedia.org/wiki/Maximum_flow_problem",
   note = "[Online; accessed 20-April-2016]"
}
@misc{wiki:fordfulk,
   author = "Wikipedia",
   title = "Fork-Fulkerson Algorithm",
   year = "2016",
   url = "https://en.wikipedia.org/wiki/Fork-Fulkerson_algorithm",
   note = "[Online; accessed 20-April-2016]"
}
@misc{rust,
	author = "Mozilla Foundation",
	title = "The Rust Programming Language",
	year = "2016",
	url = "https://www.rust-lang.org/",
	note = "[Online; accessed 20-April-2016"
}
@misc{aws,
	author = "Amazon Web Services",
	title = "EC2 Instance Types",
	year = "2016",
	url = "https://aws.amazon.com/ec2/instance-types/",
	note = "[Online; accessed 20-April-2016"
}
@misc{cornell-ek,
	author = "Cornell University",
	title = "The Edmonds-Karp Max-Flow Algorithm",
	year = "2010",
	url = "http://www.cs.cornell.edu/courses/cs4820/2011sp/handouts/edmondskarp.pdf",
	note = "[Online; accessed 20-April-2016"
}
@misc{umass-ek,
	author = "University of Massachussets",
	title = "The Edmonds-Karp Heuristic",
	year = "2016",
	url = "https://people.cs.umass.edu/~barring/cs611/lecture/11.pdf",
	note = "[Online; accessed 20-April-2016"
}

@Misc{graph-paths,
  author =       {Sedgewick, Robert},
  title =        {Finding Paths in Graphs},
  year =         {2007},
  month =        {1},
  note =         {Adobe Systems India},
url ={http://www.cs.princeton.edu/~rs/talks/PathsInGraphs07.pdf},
}

@Misc{networkx,
  author =       {NetworkX},
  title =        {Flows - Networkx 1.11 Documentation},
  year =         {2016},
  note =         "[Online; accessed 20-April-2016",
	url ={https://networkx.readthedocs.org/en/stable/reference/algorithms.flow.html},
}
@article{goldberg1988new,
  title={A new approach to the maximum-flow problem},
  author={Goldberg, Andrew V and Tarjan, Robert E},
  journal={Journal of the ACM (JACM)},
  volume={35},
  number={4},
  pages={921--940},
  year={1988},
  publisher={ACM}
}

@Misc{dimacs,
  author =       {Center for Discrete Mathematics and Theoretical Computer Science},
  title =        {DIMACS Maximum Flow Problems},
  year =         {2016},
  note =         "[Online; accessed 20-April-2016",
	url ={http://lpsolve.sourceforge.net/5.5/DIMACS_maxf.htm},
}

@inproceedings{orlin2013max,
  title={Max flows in O (nm) time, or better},
  author={Orlin, James B},
  booktitle={Proceedings of the forty-fifth annual ACM symposium on Theory of computing},
  pages={765--774},
  year={2013},
  organization={ACM}
}
